<?xml version="1.0" encoding="UTF-8"?><collection xmlns="http://www.loc.gov/MARC21/slim"><record><leader>00479nam--2200169-u-4500</leader><controlfield tag="001">000056439</controlfield><controlfield tag="002">20161230</controlfield><controlfield tag="005">20161230201052</controlfield><controlfield tag="008">151014s1000------------r-----000-0-eng-d</controlfield><datafield ind1=" " ind2=" " tag="040"><subfield code="a">IFIN-HH</subfield></datafield><datafield ind1=" " ind2=" " tag="080"><subfield code="a">501</subfield></datafield><datafield ind1="1" ind2=" " tag="100"><subfield code="a">Clarke, Arthur C</subfield></datafield><datafield ind1="1" ind2="0" tag="245"><subfield code="a">Profiles of the future. a daring look at tomorrow's fantastic world</subfield><subfield code="c">Arthur c. clarke</subfield></datafield><datafield ind1=" " ind2=" " tag="260"><subfield code="a">New York</subfield><subfield code="b">Bantam Science And Mathematics</subfield><subfield code="c">1971</subfield></datafield><datafield ind1=" " ind2=" " tag="300"><subfield code="a">235P</subfield></datafield><datafield ind1=" " ind2=" " tag="852"><subfield code="a">76875</subfield><subfield code="c">53.01</subfield></datafield><datafield ind1=" " ind2=" " tag="CAT"><subfield code="a">Sys</subfield><subfield code="c">20151014</subfield><subfield code="h">120918</subfield></datafield></record></collection>